@article{Birrer_2021,
   title={lenstronomy II: A gravitational lensing software ecosystem},
   volume={6},
   ISSN={2475-9066},
   url={http://dx.doi.org/10.21105/joss.03283},
   DOI={10.21105/joss.03283},
   number={62},
   journal={Journal of Open Source Software},
   publisher={The Open Journal},
   author={Birrer, Simon and Shajib, Anowar and Gilman, Daniel and Galan, Aymeric and Aalbers, Jelle and Millon, Martin and Morgan, Robert and Pagano, Giulia and Park, Ji and Teodori, Luca and Tessore, Nicolas and Ueland, Madison and Van de Vyvere, Lyne and Wagner-Carena, Sebastian and Wempe, Ewoud and Yang, Lilan and Ding, Xuheng and Schmidt, Thomas and Sluse, Dominique and Zhang, Ming and Amara, Adam},
   year={2021},
   month=jun, pages={3283} }

@article{Pagano_2020,
   title={LENSINGGW: a PYTHON package for lensing of gravitational waves},
   volume={643},
   ISSN={1432-0746},
   url={http://dx.doi.org/10.1051/0004-6361/202038730},
   DOI={10.1051/0004-6361/202038730},
   journal={Astronomy &amp; Astrophysics},
   publisher={EDP Sciences},
   author={Pagano, G. and Hannuksela, O. A. and Li, T. G. F.},
   year={2020},
   month=nov, pages={A167} }

